LEADER 00000nam a22000002a 4500
001 000000116
003 CZ BrMZK
005 20080317144103.0
007 ta
008 950101s1991    xr     f            cze d
040   $aBOA001$bcze
041 1 $acze$bger$brus
080 9 $a808.2-56
100 1 $aFlídrová, Helena,$d1941-$7jk01031434$4aut
245 10$aSociolingvistické a psycholingvistické aspekty dialogu a polylogu v ruštině /$cHelena Flídrová
250   $a1. vyd.
260   $aPraha :$bStátní pedagogické nakladatelství,$c1991
300   $a174 s.
490 1 $aActa Universitatis Palackianae Olomucensis. Facultas philosophica ;$vSuppl. 29/1989
504   $aObsahuje bibliografii
546   $aNěmecké a ruské resumé
830  0$aActa Universitatis Palackianae Olomucensis.$pFacultas philosophica
910   $aBOA001$b2-0966.152
964   $aRuština - polylogy - dialogy
990   $aBK
996 6 $b2619905610$c2-0966.152$lSK0$rSKL$n11$pUN1 ;$w000000116$a1$eBOA001$sP

