LEADER 00000nas a2200000 a 4500
001 000000117
003 CZ BrMZK
005 20051111124731.0
008 010907c19919999xo qr p       0   b0eng d
022   $a1210-0668
040   $aBOA001$bcze
080   $a616.43(05)$2MRF
245 00$aEndocrine regulations
260   $aBratislava :$bVeda,$c1991-^^^^^^^^
300   $a28 cm
310   $a4x ročně
500   $aVydav. od r. 1996: Slovak Academic Press
541   $ckup
653 0 $aendokrinologie
710 2 $aSlovenská akadémia vied.$bÚstav experimentálnej endokrinólogie$7kn20050812015
780 00$tEndocrinologia experimentalis
910   $aBOA001$b03127-0602.984$r1991-2004$s25-38
964   $aEndokrinologie$xčasopisy
990   $aSE
996 6 $b2610049616$c03127-0602.984$d1994 28$v28$y1994$lSK4$rSKL$n0$w000000117$a1$eBOA001$sP
996 6 $b2610049617$c03127-0602.984$d1995 29$v29$y1995$lSK4$rSKL$n0$w000000117$a1$eBOA001$sP
996 6 $b2610059003$c03127-0602.984$d1996 30 1-4$v30$y1996$lSK4$rSKL$n0$pkup$w000000117$a1$eBOA001$sP
996 6 $b2610067418$c03127-0602.984$d1997 31 1-4$v31$y1997$lSK4$rSKL$n0$pkup$w000000117$a1$eBOA001$sP
996 6 $b2610102436$c03127-0602.984$d1998 32 1-4$v32$y1998$lSK4$rSKL$n1$pkup$w000000117$a1$eBOA001$sP
996 6 $b2610113988$c03127-0602.984$d1999 33 1-4$v33$y1999$lSK4$rSKL$n0$pkup$w000000117$a1$eBOA001$sP
996 6 $b2610135690$c03127-0602.984$d2000 34 1-4$v34$y2000$lSK4$rSKL$n0$pkup$w000000117$a1$eBOA001$sP
996 6 $b2610164040$c03127-0602.984$d2001 35 1-4$v35$i1-4$y2001$lSK4$rSKL$n0$pkup$w000000117$a1$eBOA001$sP
996 6 $b2610198320$c03127-0602.984$d2002 36 1-4$v36$i1-4$y2002$lSK4$rSKL$n0$pkup$w000000117$a1$eBOA001$sP
996 6 $b2610227606$c03127-0602.984$d2003 37 1-4$v37$i1-4$y2003$lSK4$rSKL$n0$pkup.$w000000117$a1$eBOA001$sP
996 6 $b2610256050$c03127-0602.984$d2004 38 1-4$v38$i1-4$y2004$lSK4$rSKL$n0$pkup.$w000000117$a1$eBOA001$sP
996 6 $b2619712469$c03127-0602.984$d1993 27$v27$y1993$lSK4$rSKL$n0$w000000117$a1$eBOA001$sP
996 6 $b2619712470$c03127-0602.984$d1992 26$v26$y1992$lSK4$rSKL$n0$w000000117$a1$eBOA001$sP
996 6 $b2619712471$c03127-0602.984$d1991 25$v25$y1991$lSK4$rSKL$n0$w000000117$a1$eBOA001$sP

