LEADER 00000nam a22000002a 4500
001 000000119
003 CZ BrMZK
005 19950101143423.0
008 950101s1948    xr     f            cze d
040   $aBOA001$bcze
100 1 $aAndrić, Ivo,$d1892-1975$7jn19990000190
245 10$aMost přes Drinu
260   $aPraha,$c1948
910   $aBOA001$b2-0225.308
990   $aBK
996 7 $b2619857138$c2-0225.308$lPP1$rDEN$n24$w000000119$a1$eBOA001$sA
996 6 $b2619905612$c2-0225.308$lPP1$rDEN$n18$w000000119$a1$eBOA001$sP

