LEADER 00000nas a22000002a 4500
001 000000120
003 CZ BrMZK
005 20130801151716.0
008 950101u1929    xr                  cze d
040   $aBOA001$bcze
245 00$aVýroční zpráva za rok ... :$bokresní péče o mládež v Kloboukách u Brna
260   $aKlobouky u Brna,$c[1929]-
910   $aBOA001$bX2-0815.606$r1929,1935
990   $aSE
996 6 $b2619537075$cX2-0815.606$d1929$y1929$lSK8$rDEN$n1$w000000120$a1$eBOA001$sP
996 6 $b2619905613$cX2-0815.606$d1935$y1935$lSK8$rDEN$n1$w000000120$a1$eBOA001$sP

