LEADER 00000nam a2200000 a 4500
001 000000121
003 CZ BrMZK
005 20140212104748.0
007 t
008 930906s1993    xr a   f      000 m cze d
020   $a80-901020-6-9$c75.00
040   $aBOA001$bcze
041 1 $acze$hger
080   $a830-31=850$2MRF
100 1 $aBöll, Heinrich,$d1917-1985$7jn19990000996$4aut
245 10$aA anděl mlčel /$cHeinrich Böll ; Z něm. orig. přel. a dosl. opatřil Jiří Veselý ; Ilustr. Josef Velčovský
250   $a1. vyd. v češt.
260   $aPraha :$bAkropolis,$c1993
300   $a157 s. :$bobr.
490 1 $aPremiéra ;$vSv. 5
700 1 $aVeselý, Jiří,$d1932-2009$7jk01142173$4trl
700 1 $aVelčovský, Josef,$d1945-$7jn20000402507$4ill
765 0 $t<<Der >>Engel schwieg
830  0$aPremiéra$0s
910   $aBOA001$b2-0992.318
962   $a830-31
990   $aBK
996 6 $b2610002317$c2-0992.318$lSK0$rSKL$n45$pp.v.$w000000121$a1$eBOA001$sP
